@misc{newYorkStreets2024,
  author       = {Mixall},
  title        = {New York Streets - Modular City},
  year         = {2024},
  url          = {https://assetstore.unity.com/packages/3d/environments/new-york-streets-modular-city-250923},
  note         = {Accessed: 2024-10-23}
}

@misc{trafficLights2024,
  author       = {Lowpoly-Master},
  title        = {Traffic Lights 1},
  year         = {2024},
  url          = {https://assetstore.unity.com/packages/3d/props/exterior/traffic-lights-1-141327},
  note         = {Accessed: 2024-10-23}
}

@misc{koopman2016, 
    author = {P. Koopman and M. Wagner}, 
    title = {Challenges in autonomous vehicle testing and validation}, 
    year = {2016}, 
    url = {https://www.jstor.org/stable/26167741}, 
}

@misc{tidesdsu, 
    author = {San Diego State University}, 
    title = {TIDE}, 
    url = {https://tide.sdsu.edu}, 
    note = {Accessed: 2024-12-01} 
}

@misc{alvarezlopez2018, 
    author = {P. Alvarez Lopez and M. Behrisch and L. Bieker-Walz and J. Erdmann and Y. Flötteröd and R. Hilbrich et al.}, 
    title = {Microscopic traffic simulation using SUMO}, 
    year = {2018}, 
    url = {https://elib.dlr.de/127994/1/08569938.pdf},
}

@inproceedings{pechinger2024sumonity,
  title={Sumonity: Bridging SUMO and Unity for Enhanced Traffic Simulation Experiences},
  author={Pechinger, Mathias and Lindner, Johannes},
  booktitle={SUMO Conference Proceedings},
  volume={5},
  pages={163--177},
  year={2024}
}

@misc{selkiestreamer, 
    author = {S. Kim and D. Isla and L. Hejtmánek et al.}, 
    title = {Selkies-GStreamer}, 
    year = {2024}, 
    url = {https://github.com/selkies-project/selkies-gstreamer}
}

@misc{mlAgentsOverview2024,
  author       = {Unity Technologies},
  title        = {ML-Agents Toolkit Overview},
  year         = {2024},
  url          = {https://unity-technologies.github.io/ml-agents/ML-Agents-Overview/},
  note         = {Accessed: 2024-12-08}
}

%\begin{thebibliography}{00}
%\bibitem{b1} P. Koopman and M. Wagner, ``Challenges in autonomous vehicle testing and validation,'' SAE International Journal of Transportation Safety, Vol. 4, No. 1, pp. 15--24, April 2016. [Online]. Available: https://www.jstor.org/stable/26167741
%\bibitem{b2} A. Kiran, S. S. Salunkhe, B. Srinivas, M. Vanitha, M. A.Ahmed, and J. V. N. Ramesh, ``Accelerating autonomous vehicle safety through Real-Time Immersive virtual reality gaming simulations,'' Entertainment Computing, Volume 50, 2024. [Online]. Available:
%https://www.sciencedirect.com/science/article/pii/S1875952124000429
%\bibitem{b3} L. H. Meftah and R. Braham, ``A virtual simulation environment using deep learning for autonomous vehicles obstacle avoidance,'' 2020 IEEE International Conference on Intelligence and Security Informatics (ISI), Arlington, VA, USA, 2020, pp. 1-7. [Online]. Available: https://ieeexplore.ieee.org/abstract/document/9280513
%\end{thebibliography}